<record><leader>00000cas a22000007a 4500</leader><controlfield tag="001">14056518</controlfield><controlfield tag="008">860807d18961909iaumr ne      0    0eng d</controlfield><datafield ind1=" " ind2=" " tag="010"><subfield code="a">sn 86061028 </subfield></datafield><datafield ind1=" " ind2=" " tag="040"><subfield code="a">INP</subfield><subfield code="b">eng</subfield><subfield code="c">INP</subfield><subfield code="d">YOX</subfield><subfield code="d">NVK</subfield><subfield code="d">OCLCQ</subfield><subfield code="d">KRTAS</subfield><subfield code="d">OCLCQ</subfield><subfield code="d">OCLCF</subfield><subfield code="d">OCLCO</subfield></datafield><datafield ind1="1" ind2=" " tag="029"><subfield code="a">AU@</subfield><subfield code="b">000025810531</subfield></datafield><datafield ind1=" " ind2=" " tag="042"><subfield code="a">msc</subfield></datafield><datafield ind1=" " ind2=" " tag="043"><subfield code="a">n-us-ia</subfield></datafield><datafield ind1="0" ind2="4" tag="245"><subfield code="a">The Dial of progress.</subfield></datafield><datafield ind1=" " ind2=" " tag="260"><subfield code="a">Mt. Pleasant, Iowa :</subfield><subfield code="b">Champion Pub. Co.,</subfield><subfield code="c">1896-</subfield></datafield><datafield ind1=" " ind2=" " tag="300"><subfield code="a">v. :</subfield><subfield code="b">ill. ;</subfield><subfield code="c">34 cm.</subfield></datafield><datafield ind1=" " ind2=" " tag="310"><subfield code="a">Monthly,</subfield><subfield code="b">&lt;May 1907-1909&gt;</subfield></datafield><datafield ind1=" " ind2=" " tag="321"><subfield code="a">Weekly,</subfield><subfield code="b">Jan. 2, 1896-&lt;Mar. 23, 1905&gt;</subfield></datafield><datafield ind1="0" ind2=" " tag="362"><subfield code="a">Vol. 7, no. 1 (Jan. 2, 1896)-</subfield></datafield><datafield ind1="1" ind2=" " tag="362"><subfield code="a">Ceased in 1909?</subfield><subfield code="z">Cf. Bibl. of Iowa newspapers.</subfield></datafield><datafield ind1=" " ind2=" " tag="500"><subfield code="a">Published in Des Moines, Iowa, Feb. 4-Sept. 2, 1897; Mar. 3, 1904-1909.</subfield></datafield><datafield ind1=" " ind2=" " tag="500"><subfield code="a">Publisher varies.</subfield></datafield><datafield ind1=" " ind2=" " tag="500"><subfield code="a">Original editors: W.R. Cole and C.T. Cole.</subfield></datafield><datafield ind1=" " ind2=" " tag="500"><subfield code="a">"Speak unto the people that they go forward. Constitutional prohibition, political equality, white cross, child saving, prison reform, our schools and our homes," Jan. 2, 1896-Jan. 28, 1897; "The saloon must go," Jan. 1, 1903-July 1908.</subfield></datafield><datafield ind1=" " ind2=" " tag="500"><subfield code="a">Temperance newspapers.</subfield></datafield><datafield ind1=" " ind2=" " tag="515"><subfield code="a">Issues for the week of Christmas not published.</subfield></datafield><datafield ind1=" " ind2=" " tag="515"><subfield code="a">Frequent issues misnumbered and misdated.</subfield></datafield><datafield ind1=" " ind2=" " tag="550"><subfield code="a">Official organ of the Anti-Saloon League of Iowa.</subfield></datafield><datafield ind1=" " ind2="0" tag="650"><subfield code="a">Temperance</subfield><subfield code="z">Iowa</subfield><subfield code="v">Newspapers.</subfield></datafield><datafield ind1=" " ind2="0" tag="651"><subfield code="a">Des Moines (Iowa)</subfield><subfield code="v">Newspapers.</subfield></datafield><datafield ind1=" " ind2="7" tag="655"><subfield code="a">Newspapers.</subfield><subfield code="2">fast</subfield><subfield code="0">(OCoLC)fst01423814</subfield></datafield><datafield ind1=" " ind2="7" tag="650"><subfield code="a">Temperance.</subfield><subfield code="2">fast</subfield><subfield code="0">(OCoLC)fst01147309</subfield></datafield><datafield ind1=" " ind2="7" tag="651"><subfield code="a">Iowa.</subfield><subfield code="2">fast</subfield><subfield code="0">(OCoLC)fst01205835</subfield></datafield><datafield ind1=" " ind2="7" tag="651"><subfield code="a">Iowa</subfield><subfield code="z">Des Moines.</subfield><subfield code="2">fast</subfield><subfield code="0">(OCoLC)fst01205836</subfield></datafield><datafield ind1="2" ind2=" " tag="710"><subfield code="a">Iowa Anti-Saloon League.</subfield></datafield><datafield ind1=" " ind2=" " tag="752"><subfield code="a">United States</subfield><subfield code="b">Iowa</subfield><subfield code="c">Henry</subfield><subfield code="d">Mount Pleasant.</subfield></datafield><datafield ind1=" " ind2=" " tag="752"><subfield code="a">United States</subfield><subfield code="b">Iowa</subfield><subfield code="c">Polk</subfield><subfield code="d">Des Moines.</subfield></datafield><datafield ind1="0" ind2="0" tag="780"><subfield code="t">Champion of progress</subfield><subfield code="w">(DLC)sn 85049805</subfield></datafield><datafield ind1=" " ind2=" " tag="938"><subfield code="a">Kirtas Technologies, Inc.</subfield><subfield code="b">KRTS</subfield><subfield code="n">739687</subfield></datafield></record>